%---------------------------------------------------------------------------%
%-                                                                         -%
%-                             Bibliography                                -%
%-                                                                         -%
%---------------------------------------------------------------------------%
@book{wikibook2014latex,
    title={{http://en.wikibooks.org/wiki/LaTeX}},
    author={Wikibook},
    year={2014},
    publisher_bak={On-line Resources}
}
@book{lamport1986document,
    title={{Document Preparation System}},
    author={Lamport, Leslie},
    year={1986},
    publisher_bak={Addison-Wesley Reading, MA}
}
@article{chen2005zhulu,
    title={{著录文后参考文献的规则及注意事项}},
    author={陈浩元},
    key={Chen Hao Yuan},
    journal={编辑学报},
    volume={17},
    number={6},
    pages={413--415},
    year={2005}
}
@book{chu2004tushu,
    title={{图书馆数字参考咨询服务研究}},
    author={初景利},
    key={Chu Jing Li},
    year={2004},
    address={北京},
    publisher={北京图书馆出版社}
}
@article{stamerjohanns2009mathml,
    title={{MathML}-aware article conversion from {LaTeX}},
    author={Stamerjohanns, Heinrich and Ginev, Deyan and David, Catalin and Misev, Dimitar and Zamdzhiev, Vladimir and Kohlhase, Michael},
    journal={Towards a Digital Mathematics Library},
    volume={16},
    number={2},
    pages={109--120},
    year={2009},
    publisher_bak={Masaryk University Press}
}
@article{betts2005aging,
    title={{Aging reduces center-surround antagonism in visual motion processing}},
    author={Betts, Lisa R and Taylor, Christopher P},
    journal={Neuron},
    volume={45},
    number={3},
    pages={361--366},
    year={2005},
    publisher_bak={Elsevier}
}

@article{bravo1990comparative,
    title={{Comparative study of visual inter and intrahemispheric cortico-cortical connections in five native Chilean rodents}},
    author={Bravo, Hermes and Olavarria, Jaime},
    journal={Anatomy and embryology},
    volume={181},
    number={1},
    pages={67--73},
    year={1990},
    publisher_bak={Springer}
}
@book{hls2012jinji,
    author       = {哈里森·沃尔德伦},
    key          = {Haliseng Woerdelun},
    translator   = {谢远涛},
    title        = {{经济数学与金融数学}},
    address      = {北京},
    publisher    = {中国人民大学出版社},
    year         = {2012},
    pages        = {235--236},
}
@proceedings{niu2013zonghe,
    editor_bak       = {牛志明 and 斯温兰德 and 雷光春},
    key          = {Niu Zhi Ming Siwenlande Lei Guang Chun},
    title        = {{综合湿地管理国际研讨会论文集}},
    address_bak      = {北京},
    publisher_bak    = {海洋出版社},
    year         = {2013},
}
@incollection{chen1980zhongguo,
    author       = {陈晋镳 and 张惠民 and 朱士兴 and 赵震 and
        王振刚},
    key          = {Chen Jing Ao Zhang Hui Ming Zhu Shi Xing Zhao Zhen Wang Zhen Gang},
    title        = {{蓟县震旦亚界研究}},
    editor_bak       = {中国地质科学院天津地质矿产研究所},
    booktitle    = {中国震旦亚界},
    address_bak      = {天津},
    publisher_bak    = {天津科学技术出版社},
    year         = {1980},
    pages        = {56--114},
}
@article{yuan2012lana,
    author       = {袁训来 and 陈哲 and 肖书海},
    key          = {Yuan xun lai Chen zhe Xiao shu Hai},
    title        = {{蓝田生物群: 一个认识多细胞生物起源和早期演化的新窗口 -- 篇一}},
    journal      = {科学通报},
    year         = {2012},
    volume       = {57},
    number       = {34},
    pages        = {3219},
}
@article{yuan2012lanb,
    author       = {袁训来 and 陈哲 and 肖书海},
    key          = {Yuan xun lai Chen zhe Xiao shu Hai},
    title        = {{蓝田生物群: 一个认识多细胞生物起源和早期演化的新窗口 -- 篇二}},
    journal      = {科学通报},
    year         = {2012},
    volume       = {57},
    number       = {34},
    pages        = {3219},
}
@article{yuan2012lanc,
    author       = {袁训来 and 陈哲 and 肖书海},
    key          = {Yuan xun lai Chen zhe Xiao shu Hai},
    title        = {{蓝田生物群: 一个认识多细胞生物起源和早期演化的新窗口 -- 篇三}},
    journal      = {科学通报},
    year         = {2012},
    volume       = {57},
    number       = {34},
    pages        = {3219},
}
@article{walls2013drought,
    author       = {Walls, Susan C. and Barichivich, William J. and Brown, Mary
        E.},
    title        = {{Drought, deluge and declines: the impact of precipitation extremes on amphibians in a changing climate}},
    journal      = {Biology},
    year         = {2013},
    volume       = {2},
    number       = {1},
    pages        = {399--418},
    urldate      = {2013-11-04},
    url          = {http://www.mdpi.com/2079-7737/2/1/399},
    doi_bak          = {10.3390/biology2010399},
}
@article{Bohan1928,
    author = { ボハン, デ},
    title = {{ 過去及び現在に於ける英国と会 }},
    journal = { 日本時報 },
    year = { 1928 },
    volume = { 17 },
    pages = { 5-9 },
    edition = { 9 },
    hyphenation = { japanese },
    language = { japanese }
}

@article{Dubrovin1906,
    author = { Дубровин, А. И },
    title = {{ Открытое письмо Председателя Главного Совета Союза Русского Народа Санкт-Петербургскому Антонию, Первенствующему члену Священного Синода }},
    journal = { Вече },
    year = { 1906 },
    volume = {  },
    edition = { 97 },
    month = { 7 дек. 1906 },
    pages = { 1-3 },
    hyphenation = { russian },
    language = { russian }
}
%---------------------------------------------------------------------------%
%added 
@InProceedings{Biham97,
    author={Biham, Eli and Shamir, Adi},
    editor_bak={Kaliski, Burton S.},
    title={{Differential fault analysis of secret key cryptosystems}},
    booktitle={Advances in Cryptology --- CRYPTO '97},
    year={1997},
    publisher_bak={Springer Berlin Heidelberg},
    address_bak={Berlin, Heidelberg},
    pages={513--525},
    abstract={In September 1996 Boneh, Demillo, and Lipton from Bellcore announced a new type of cryptanalytic attack which exploits computational errors to find cryptographic keys. Their attack is based on algebraic properties of modular arithmetic, and thus it is applicable only to public key cryptosystems such as RSA, and not to secret key algorithms such as the Data Encryption Standard (DES).},
    isbn={978-3-540-69528-8}
}
%DBLP:phd/basesearch/Perrin17,
@phdthesis{Perrin17,
  author       = {L{\'{e}}o Perrin},
  title        = {{Cryptanalysis, Reverse-Engineering and Design of Symmetric Cryptographic Algorithms}},
  school       = {University of Luxembourg},
  year         = {2017},
  url_bak          = {http://orbilu.uni.lu/handle/10993/31195},
  timestamp    = {Tue, 27 Jun 2017 16:33:36 +0200},
  biburl_bak       = {https://dblp.org/rec/phd/basesearch/Perrin17.bib},
  bibsource    = {dblp computer science bibliography, https://dblp.org}
}
%DBLP:conf/crypto/KocherJJ99
@inproceedings{KocherJJ99,
  author       = {Paul C. Kocher and
                  Joshua Jaffe and
                  Benjamin Jun},
  editor_bak       = {Michael J. Wiener},
  title        = {{Differential Power Analysis}},
  booktitle    = {Advances in Cryptology - {CRYPTO} '99, 19th Annual International Cryptology
                  Conference, Santa Barbara, California, USA, August 15-19, 1999, Proceedings},
  series_bak       = {Lecture Notes in Computer Science},
  volume       = {1666},
  pages        = {388--397},
  publisher_bak    = {Springer},
  year         = {1999},
  url_bak          = {https://doi.org/10.1007/3-540-48405-1\_25},
  doi_bak          = {10.1007/3-540-48405-1\_25},
  timestamp    = {Tue, 14 May 2019 10:00:48 +0200},
  biburl_bak       = {https://dblp.org/rec/conf/crypto/KocherJJ99.bib},
  bibsource    = {dblp computer science bibliography, https://dblp.org}
}
%DBLP:conf/fse/Messerges00
@inproceedings{Messerges00,
  author       = {Thomas S. Messerges},
  editor_bak       = {Bruce Schneier},
  title        = {{Securing the {AES} Finalists Against Power Analysis Attacks}},
  booktitle    = {Fast Software Encryption, 7th International Workshop, {FSE} 2000,
                  New York, NY, USA, April 10-12, 2000, Proceedings},
  series_bak       = {Lecture Notes in Computer Science},
  volume       = {1978},
  pages        = {150--164},
  publisher_bak    = {Springer},
  year         = {2000},
  url_bak          = {https://doi.org/10.1007/3-540-44706-7\_11},
  doi_bak          = {10.1007/3-540-44706-7\_11},
  timestamp    = {Tue, 14 May 2019 10:00:54 +0200},
  biburl_bak       = {https://dblp.org/rec/conf/fse/Messerges00.bib},
  bibsource    = {dblp computer science bibliography, https://dblp.org}
}
%DBLP:conf/icisc/BevanK02
@inproceedings{BevanK02,
  author       = {R{\'{e}}gis Bevan and
                  Erik Knudsen},
  editor_bak       = {Pil Joong Lee and
                  Chae Hoon Lim},
  title        = {{Ways to Enhance Differential Power Analysis}},
  booktitle    = {Information Security and Cryptology - {ICISC} 2002, 5th International
                  Conference Seoul, Korea, November 28-29, 2002, Revised Papers},
  series_bak       = {Lecture Notes in Computer Science},
  volume       = {2587},
  pages        = {327--342},
  publisher_bak    = {Springer},
  year         = {2002},
  url_bak          = {https://doi.org/10.1007/3-540-36552-4\_23},
  doi_bak          = {10.1007/3-540-36552-4\_23},
  timestamp    = {Tue, 14 May 2019 10:00:36 +0200},
  biburl_bak       = {https://dblp.org/rec/conf/icisc/BevanK02.bib},
  bibsource    = {dblp computer science bibliography, https://dblp.org}
}
%DBLP:journals/corr/Girshick15
@article{Girshick15,
  author       = {Ross B. Girshick},
  title        = {{Fast {R-CNN}}},
  journal      = {CoRR},
  volume       = {abs/1504.08083},
  year         = {2015},
  url_bak          = {http://arxiv.org/abs/1504.08083},
  eprinttype    = {arXiv},
  eprint       = {1504.08083},
  timestamp    = {Mon, 13 Aug 2018 16:49:11 +0200},
  biburl_bak       = {https://dblp.org/rec/journals/corr/Girshick15.bib},
  bibsource    = {dblp computer science bibliography, https://dblp.org}
}
%DBLP:journals/spm/X12a
@article{Hinton12,
  author       = {Geoffrey Hinton and
                   Li Deng and
                   Dong Yu and
                   George E. Dahl and
                   Abdel-rahman Mohamed and
                   Navdeep Jaitly and
                   Andrew Senior and
                   Vincent Vanhoucke and
                   Patrick Nguyen and
                   Tara N. Sainath and
                   Brian Kingsbury},
  title        = {{Deep Neural Networks for Acoustic Modeling in Speech Recognition: The Shared Views of Four Research Groups}},
  journal      = {{IEEE} Signal Process. Mag.},
  volume       = {29},
  number       = {6},
  pages        = {82--97},
  year         = {2012},
  url_bak          = {https://doi.org/10.1109/MSP.2012.2205597},
  doi_bak          = {10.1109/MSP.2012.2205597},
  timestamp    = {Wed, 14 Nov 2018 10:43:22 +0100},
  biburl_bak       = {https://dblp.org/rec/journals/spm/X12a.bib},
  bibsource    = {dblp computer science bibliography, https://dblp.org}
}
%DBLP:conf/uss/RocheLMI21
@inproceedings{Roche21,
  author       = {Thomas Roche and
                  Victor Lomn{\'{e}} and
                  Camille Mutschler and
                  Laurent Imbert},
  editor_bak       = {Michael Bailey and
                  Rachel Greenstadt},
  title        = {{A Side Journey To Titan}},
  booktitle    = {30th {USENIX} Security Symposium, {USENIX} Security 2021, August 11-13,
                  2021},
  pages        = {231--248},
  publisher_bak    = {{USENIX} Association},
  year         = {2021},
  url_bak          = {https://www.usenix.org/conference/usenixsecurity21/presentation/roche},
  timestamp    = {Thu, 16 Sep 2021 17:32:10 +0200},
  biburl_bak       = {https://dblp.org/rec/conf/uss/RocheLMI21.bib},
  bibsource    = {dblp computer science bibliography, https://dblp.org}
}
%DBLP:journals/tches/CamuratiFS20
@article{Camurati20,
  author       = {Giovanni Camurati and
                  Aur{\'{e}}lien Francillon and
                  Fran{\c{c}}ois{-}Xavier Standaert},
  title        = {{Understanding Screaming Channels: From a Detailed Analysis to Improved Attacks}},
  journal      = {{IACR} Trans. Cryptogr. Hardw. Embed. Syst.},
  volume       = {2020},
  number       = {3},
  pages        = {358--401},
  year         = {2020},
  url_bak          = {https://doi.org/10.13154/tches.v2020.i3.358-401},
  doi_bak          = {10.13154/TCHES.V2020.I3.358-401},
  timestamp    = {Wed, 07 Dec 2022 23:05:20 +0100},
  biburl_bak       = {https://dblp.org/rec/journals/tches/CamuratiFS20.bib},
  bibsource    = {dblp computer science bibliography, https://dblp.org}
}
@misc {Eddystone,
    organization={Google},
    title={{Eddystone}},
    url={https://github.com/google/eddystone}

}
@misc {Titan,
    organization={Google},
    title={{Google Titan Key}},
    url={https://cloud.google.com/titan-security-key}
}
@standard {FIPS140-3,
    year={2019},
    number = {FIPS 140-3},
    organization ={U.S. Department of Commerce and National Institute of Standards and Technology},
    title={{Security requirements for cryptographic modules}},
    url_bak={https://doi.org/10.6028/NIST.FIPS.140-3}
}
@standard{ISO/IEC19790,
    title = {{Security requirements for cryptographic modules}},
    number = {ISO/IEC 19790},
    version = {2012},
    year={2017},
    organization = {International Organization for Standardization}
}
@standard{ISO/IEC17825,
    title = {{Testing methods for the mitigation of non-invasive attack classes against cryptographic modules}},
    number = {ISO/IEC 17825},
    version = {2016},
    year = {2016},
    organization = {International Organization for Standardization}
}
@standard{ISO/IEC15408,
    title={{Evaluation criteria for IT security}},
    number = {ISO/IEC 15408},
    version = {2022},
    year = {2022},
    organization = {International Organization for Standardization}
}
@standard{ISO/IEC14443,
    title={{Contactless proximity objects}},
    number = {ISO/IEC 14443},
    version = {2018},
    year = {2000},
    organization = {International Organization for Standardization}
}
@standard{ISO/IEC7816,
    title={{Integrated circuit cards}},
    number = {ISO/IEC 7816},
    version = {2005},
    year = {2005},
    organization = {International Organization for Standardization}
}
@standard{CCMB-2017-04-001,
    title = {{Common Criteria for Information Technology Security Evaluation Part 1: Introduction and general model}},
    number = {CCMB-2017-04-001},
    year = {2012},
    version={Version 3.1, Revision 5},
    organization = {The Australian Signals Directorate,  Communications Security Establishment,  Agence Nationale de la Sécurité des Systèmes d'Information,  Bundesamt für Sicherheit in der Informationstechnik,  Information Technology Promotion Agency,  Netherlands National Communications Security Agency,  Government Communications Security Bureau,  National Security Research Institute,  Ministerio de Administraciones Públicas and Centro Criptológico Nacional,  Swedish Defence Materiel Administration,  National Cyber Security Centre,  The National Security Agency and the National Institute of Standards and Technology}
}
@standard{GM/T0008,
    title = {{安全芯片密码检测准则}},
    number = {GM/T 0008-2012},
    year = {2012},
    organization = {国家密码管理局}
}
@standard{GM/T0028,
    title = {{密码模块安全技术要求}},
    number = {GM/T 0028-2014},
    year = {2014},
    organization = {国家密码管理局}
}
@standard{GM/T0083,
    title = {{密码模块非入侵式攻击缓解技术指南}},
    number = {GM/T 0083-2020},
    year = {2020},
    organization = {国家密码管理局}
}
@misc{GVR-1-68038-464-2,
    title={{Smart Card Market Size, Share \& Trends Analysis Report}},
    organization={Grand View Research},
    url={https://www.grandviewresearch.com/industry-analysis/smart-card-industry}
}
@misc{L1TF,
    organization={Intel},
    title={{Resources and Response to Side Channel L1 Terminal Fault}},
    url={https://www.intel.com/content/www/us/en/architecture-and-technology/l1tf.html}
}
@misc{AffectedProcessors,
    organization={Intel},
    title={{Affected Processors: Guidance for Security Issues on Intel® Processors}},
    url={https://www.intel.com/content/www/us/en/developer/topic-technology/software-security-guidance/processors-affected-consolidated-product-cpu-model.html#tab-blade-1-1}
}
@misc{UG1085,
    organization={Xilinx},
    title={{Zynq UltraScale+ Device Technical Reference Manual}},
    url={https://docs.xilinx.com/r/en-US/ug1085-zynq-ultrascale-trm}
}
@misc{AMD-SB-7005,
    organization={Advanced Micro Devices},
    title={{Return Address Security Bulletin}},
    url={https://www.amd.com/en/resources/product-security/bulletin/amd-sb-7005.html}
}

@standard{GB/T18336,
    title={{信息技术安全技术信息技术安全性评估准则}},
    number={GB/T 18336},
    yuar={2015},
    organization={国家标准化管理委员会}
}
@misc{GUID-04636353-4A11-4874-9D59-7F4F4E5CF1F,
    organization={VMware},
    title={{Configuring and Managing Smart Card Authentication for ESXi}},
    url={https://docs.vmware.com/en/VMware-vSphere/8.0/vsphere-security/GUID-04636353-4A11-4874-9D59-7F4F4E5CF1FE.html}
}
%DBLP:conf/space/BhasinBDGN14
@inproceedings{dpav4,
  author       = {Shivam Bhasin and
                  Nicolas Bruneau and
                  Jean{-}Luc Danger and
                  Sylvain Guilley and
                  Zakaria Najm},
  editor_bak       = {Rajat Subhra Chakraborty and
                  Vashek Matyas and
                  Patrick Schaumont},
  title        = {{Analysis and Improvements of the {DPA} Contest v4 Implementation}},
  booktitle    = {Security, Privacy, and Applied Cryptography Engineering - 4th International
                  Conference, {SPACE} 2014, Pune, India, October 18-22, 2014. Proceedings},
  series_bak       = {Lecture Notes in Computer Science},
  volume       = {8804},
  pages        = {201--218},
  publisher_bak    = {Springer},
  year         = {2014},
  url_bak          = {https://doi.org/10.1007/978-3-319-12060-7\_14},
  doi_bak          = {10.1007/978-3-319-12060-7\_14},
  timestamp    = {Mon, 15 Jun 2020 17:10:47 +0200},
  biburl_bak       = {https://dblp.org/rec/conf/space/BhasinBDGN14.bib},
  bibsource    = {dblp computer science bibliography, https://dblp.org}
}
%DBLP:conf/ches/CoronK09
@inproceedings{AESRD,
  author       = {Jean{-}S{\'{e}}bastien Coron and
                  Ilya Kizhvatov},
  editor_bak       = {Christophe Clavier and
                  Kris Gaj},
  title        = {{An Efficient Method for Random Delay Generation in Embedded Software}},
  booktitle    = {Cryptographic Hardware and Embedded Systems - {CHES} 2009, 11th International
                  Workshop, Lausanne, Switzerland, September 6-9, 2009, Proceedings},
  series_bak       = {Lecture Notes in Computer Science},
  volume       = {5747},
  pages        = {156--170},
  publisher_bak    = {Springer},
  year         = {2009},
  url_bak          = {https://doi.org/10.1007/978-3-642-04138-9\_12},
  doi_bak          = {10.1007/978-3-642-04138-9\_12},
  timestamp    = {Tue, 14 May 2019 10:00:47 +0200},
  biburl_bak       = {https://dblp.org/rec/conf/ches/CoronK09.bib},
  bibsource    = {dblp computer science bibliography, https://dblp.org}
}
%DBLP:journals/jce/BenadjilaPSCD20
@article{Benadjila20,
  author       = {Ryad Benadjila and
                  Emmanuel Prouff and
                  R{\'{e}}mi Strullu and
                  Eleonora Cagli and
                  C{\'{e}}cile Dumas},
  title        = {{Deep learning for side-channel analysis and introduction to {ASCAD} database}},
  journal      = {J. Cryptogr. Eng.},
  volume       = {10},
  number       = {2},
  pages        = {163--188},
  year         = {2020},
  url_bak          = {https://doi.org/10.1007/s13389-019-00220-8},
  doi_bak          = {10.1007/S13389-019-00220-8},
  timestamp    = {Thu, 14 Oct 2021 09:41:24 +0200},
  biburl_bak       = {https://dblp.org/rec/journals/jce/BenadjilaPSCD20.bib},
  bibsource    = {dblp computer science bibliography, https://dblp.org}
}
@misc{AESHD,
  author = {Shivam Bhasin and Dirmanto Jap and Stjepan Picek},
  title  = {{AES HD dataset - 50\,000 traces}},
  howpublished = {AISyLab repository},
  note   = {{\url{https://github.com/AISyLab/AES_HD}}},
  year   = {2020}
}
@standard{SP800-186,
    title={{Recommendations for Discrete Logarithm-based Cryptography: Elliptic Curve Domain Parameters}},
    year={2023},
    organization={National Institute of Standards and Technology},
    url_bak={https://doi.org/10.6028/NIST.SP.800-186}
}

@misc{p5x,
    organization={NXP},
    title={{SmartMX for programmable, high-security, multi-application smart cards}},
    url={https://www.nxp.com/docs/en/brochure/75017515.pdf}
}
@InProceedings{Lim94,
    author={Lim, Chae Hoon and Lee, Pil Joong},
    editor_bak={Desmedt, Yvo G.},
    title={{More Flexible Exponentiation with Precomputation}},
    booktitle={Advances in Cryptology --- CRYPTO '94},
    year={1994},
    publisher_bak={Springer Berlin Heidelberg},
    address_bak={Berlin, Heidelberg},
    pages={95--107},
    abstract={A new precomputation method is presented for computing gR for a fixed element g and a randomly chosen exponent R in a given group. Our method is more efficient and flexible than the previously proposed methods, especially in the case where the amount of storage available is very small or quite large. It is also very efficient in computing gRyE for a small size E and variable number y, which occurs in the verification of Schnorr's identification scheme or its variants. Finally it is shown that our method is well-suited for parallel processing as well.},
    isbn={978-3-540-48658-9}
}
%DBLP:journals/dcc/NguyenS03
@article{Nguyen03,
  author       = {Phong Q. Nguyen and Igor E. Shparlinski},
  title        = {{The Insecurity of the Elliptic Curve Digital Signature Algorithm with Partially Known Nonces}},
  journal      = {Des. Codes Cryptogr.},
  volume       = {30},
  number       = {2},
  pages        = {201--217},
  year         = {2003},
  url_bak          = {https://doi.org/10.1023/A:1025436905711},
  doi_bak          = {10.1023/A:1025436905711},
  timestamp    = {Mon, 26 Oct 2020 08:49:21 +0100},
  biburl_bak       = {https://dblp.org/rec/journals/dcc/NguyenS03.bib},
  bibsource    = {dblp computer science bibliography, https://dblp.org}
}
%DBLP:journals/joc/NguyenS02
@article{Nguyen02,
  author       = {Phong Q. Nguyen and
                  Igor E. Shparlinski},
  title        = {{The Insecurity of the Digital Signature Algorithm with Partially Known Nonces}},
  journal      = {J. Cryptol.},
  volume       = {15},
  number       = {3},
  pages        = {151--176},
  year         = {2002},
  url_bak          = {https://doi.org/10.1007/s00145-002-0021-3},
  doi_bak          = {10.1007/S00145-002-0021-3},
  timestamp    = {Mon, 26 Oct 2020 08:44:17 +0100},
  biburl_bak       = {https://dblp.org/rec/journals/joc/NguyenS02.bib},
  bibsource    = {dblp computer science bibliography, https://dblp.org}
}
%DBLP:journals/jce/MulderHMP14
@article{Mulder14,
  author       = {Elke De Mulder and
                  Michael Hutter and
                  Mark E. Marson and
                  Peter Pearson},
  title        = {{Using Bleichenbacher's solution to the hidden number problem to attack nonce leaks in 384-bit {ECDSA:} extended version}},
  journal      = {J. Cryptogr. Eng.},
  volume       = {4},
  number       = {1},
  pages        = {33--45},
  year         = {2014},
  url_bak          = {https://doi.org/10.1007/s13389-014-0072-z},
  doi_bak          = {10.1007/S13389-014-0072-Z},
  timestamp    = {Thu, 09 Jul 2020 23:00:34 +0200},
  biburl_bak       = {https://dblp.org/rec/journals/jce/MulderHMP14.bib},
  bibsource    = {dblp computer science bibliography, https://dblp.org}
}
%DBLP:journals/dcc/Howgrave-GrahamS01
@article{Howgrave-Graham01,
  author       = {Nick Howgrave{-}Graham and
                  Nigel P. Smart},
  title        = {{Lattice Attacks on Digital Signature Schemes}},
  journal      = {Des. Codes Cryptogr.},
  volume       = {23},
  number       = {3},
  pages        = {283--290},
  year         = {2001},
  timestamp    = {Mon, 17 Jun 2019 13:42:12 +0200},
  biburl_bak       = {https://dblp.org/rec/journals/dcc/Howgrave-GrahamS01.bib},
  bibsource    = {dblp computer science bibliography, https://dblp.org}
}
%DBLP:conf/esorics/BrumleyT11
@inproceedings{Brumley11,
  author       = {Billy Bob Brumley and
                  Nicola Tuveri},
  editor_bak       = {Vijay Atluri and Claudia D{\'{\i}}az},
  title        = {{Remote Timing Attacks Are Still Practical}},
  booktitle    = {Computer Security - {ESORICS} 2011 - 16th European Symposium on Research
                  in Computer Security, Leuven, Belgium, September 12-14, 2011. Proceedings},
  series_bak       = {Lecture Notes in Computer Science},
  volume       = {6879},
  pages        = {355--371},
  publisher_bak    = {Springer},
  year         = {2011},
  url_bak          = {https://doi.org/10.1007/978-3-642-23822-2\_20},
  doi_bak          = {10.1007/978-3-642-23822-2\_20},
  timestamp    = {Tue, 20 Aug 2019 15:26:50 +0200},
  biburl_bak       = {https://dblp.org/rec/conf/esorics/BrumleyT11.bib},
  bibsource    = {dblp computer science bibliography, https://dblp.org}
}
%DBLP:conf/sacrypt/HlavacR06
@inproceedings{Hlavac06,
  author       = {Martin Hlav{\'{a}}c and
                  Tom{\'{a}}s Rosa},
  title        = {{Extended Hidden Number Problem and Its Cryptanalytic Applications}},
  booktitle    = {Selected Areas in Cryptography},
  series_bak       = {Lecture Notes in Computer Science},
  volume       = {4356},
  pages        = {114--133},
  publisher_bak    = {Springer},
  year         = {2006}
}
@inproceedings{Boneh96,
  title={{Hardness of Computing the Most Significant Bits of Secret Keys in Diffie-Hellman and Related Schemes}},
  booktitle={Advances in Cryptology - CRYPTO '96, 16th Annual International Cryptology Conference, Santa Barbara, California, USA, August 18-22, 1996, Proceedings},
  series_bak={Lecture Notes in Computer Science},
  publisher_bak={Springer},
  volume={1109},
  pages={129-142},
  doi_bak={10.1007/3-540-68697-5_11},
  author={Dan Boneh and Ramarathnam Venkatesan},
  year=1996
}
%DBLP:conf/sacrypt/GoudarziRV16
@inproceedings{Goudarzi16,
  author       = {Dahmun Goudarzi and
                  Matthieu Rivain and
                  Damien Vergnaud},
  title        = {{Lattice Attacks Against Elliptic-Curve Signatures with Blinded Scalar Multiplication}},
  booktitle    = {{SAC}},
  series_bak       = {Lecture Notes in Computer Science},
  volume       = {10532},
  pages        = {120--139},
  publisher_bak    = {Springer},
  year         = {2016}
}
%DBLP:conf/ches/BengerPSY14
@inproceedings{Benger14,
  author       = {Naomi Benger and
                  Joop van de Pol and
                  Nigel P. Smart and
                  Yuval Yarom},
  title        = {{"Ooh Aah... Just a Little Bit" : {A} Small Amount of Side Channel Can Go a Long Way}},
  booktitle    = {{CHES}},
  series_bak       = {Lecture Notes in Computer Science},
  volume       = {8731},
  pages        = {75--92},
  publisher_bak    = {Springer},
  year         = {2014}
}
%DBLP:conf/ccs/FanWC16
@inproceedings{Fan16,
  author       = {Shuqin Fan and
                  Wenbo Wang and
                  Qingfeng Cheng},
  title        = {{Attacking OpenSSL Implementation of {ECDSA} with a Few Signatures}},
  booktitle    = {{CCS}},
  pages        = {1505--1515},
  publisher_bak    = {{ACM}},
  year         = {2016}
}
%DBLP:journals/tches/Ryan19
@article{Ryan19,
  author       = {Keegan Ryan},
  title        = {{Return of the Hidden Number Problem. {A} Widespread and Novel Key Extraction Attack on {ECDSA} and {DSA}}},
  journal      = {{IACR} Trans. Cryptogr. Hardw. Embed. Syst.},
  volume       = {2019},
  number       = {1},
  pages        = {146--168},
  year         = {2019}
}
%DBLP:journals/tches/JancarSSS20
@article{Jancar20,
  author       = {Jan Jancar and
                  Vladimir Sedlacek and
                  Petr Svenda and
                  Marek S{\'{y}}s},
  title        = {{Minerva: The curse of {ECDSA} nonces Systematic analysis of lattice attacks on noisy leakage of bit-length of {ECDSA} nonces}},
  journal      = {{IACR} Trans. Cryptogr. Hardw. Embed. Syst.},
  volume       = {2020},
  number       = {4},
  pages        = {281--308},
  year         = {2020}
}
%DBLP:conf/uss/MoghimiS0H20
@inproceedings{Moghimi20,
  author       = {Daniel Moghimi and
                  Berk Sunar and
                  Thomas Eisenbarth and
                  Nadia Heninger},
  title        = {{{TPM-FAIL:} {TPM} meets Timing and Lattice Attacks}},
  booktitle    = {{USENIX} Security Symposium},
  pages        = {2057--2073},
  publisher_bak    = {{USENIX} Association},
  year         = {2020}
}
%DBLP:conf/uss/WeiserSBS20
@inproceedings{Weiser20,
  author       = {Samuel Weiser and
                  David Schrammel and
                  Lukas Bodner and
                  Raphael Spreitzer},
  title        = {{Big Numbers - Big Troubles: Systematically Analyzing Nonce Leakage in {(EC)DSA} Implementations}},
  booktitle    = {{USENIX} Security Symposium},
  pages        = {1767--1784},
  publisher_bak    = {{USENIX} Association},
  year         = {2020}
}
%DBLP:conf/africacrypt/MicheliPP20
@inproceedings{Micheli20,
  author       = {Gabrielle De Micheli and
                  R{\'{e}}mi Piau and
                  C{\'{e}}cile Pierrot},
  title        = {{A Tale of Three Signatures: Practical Attack of {ECDSA} with wNAF}},
  booktitle    = {{AFRICACRYPT}},
  series_bak       = {Lecture Notes in Computer Science},
  volume       = {12174},
  pages        = {361--381},
  publisher_bak    = {Springer},
  year         = {2020}
}
@misc{numpyconvolve,
  title = {numpy.convolve},
  howpublished = {\url{https://numpy.org/doc/stable/reference/generated/numpy.convolve.html}},
  note = {Accessed: December 26, 2023}
}
%%10.1093/biomet/29.3-4.350
@article{Welch38,
    author = {Welch, B. L.},
    title = {{The Significance of the Difference Between Two Means When the Population Variances Are Unequal}},
    journal = {Biometrika},
    volume = {29},
    number = {3-4},
    pages = {350-362},
    year = {1938},
    month = {02},
    issn = {0006-3444},
    doi_bak = {10.1093/biomet/29.3-4.350},
    url_bak = {https://doi.org/10.1093/biomet/29.3-4.350},
    eprint = {https://academic.oup.com/biomet/article-pdf/29/3-4/350/712866/29-3-4-350.pdf}
}
%DBLP:conf/eurocrypt/StandaertMY09
@inproceedings{Standaert09,
  author       = {Fran{\c{c}}ois{-}Xavier Standaert and
                  Tal Malkin and
                  Moti Yung},
  title        = {{A Unified Framework for the Analysis of Side-Channel Key Recovery Attacks}},
  booktitle    = {{EUROCRYPT}},
  series_bak       = {Lecture Notes in Computer Science},
  volume       = {5479},
  pages        = {443--461},
  publisher_bak    = {Springer},
  year         = {2009}
}
@inproceedings{Goodwill2011,
  title={{A testing methodology for side channel resistance}},
  author={Gilbert Goodwill and Benjamin Jun and Joshua Jaffe and Pankaj Rohatgi},
  year={2011},
  url_bak={https://api.semanticscholar.org/CorpusID:16852899}
}
@inproceedings{Becker2013,
  title={{Test Vector Leakage Assessment ( TVLA ) methodology in practice}},
  author={Georg T. Becker and Jim Cooper and Elizabeth K. DeMulder and Gilbert Goodwill and Joshua Jaffe and Gary Kenworthy and T. Kouzminov and Andrew J. Leiserson and Mark E. Marson and Pankaj Rohatgi and Sami Saab},
  year={2013},
  url_bak={https://api.semanticscholar.org/CorpusID:28168779}
}
%DBLP:conf/ches/BrierCO04
@inproceedings{Brier04,
  author       = {Eric Brier and
                  Christophe Clavier and
                  Francis Olivier},
  title        = {Correlation Power Analysis with a Leakage Model},
  booktitle    = {{CHES}},
  series_bak       = {Lecture Notes in Computer Science},
  volume       = {3156},
  pages        = {16--29},
  publisher_bak    = {Springer},
  year         = {2004}
}
@standard {FIPS180-4,
    year={2019},
    number = {FIPS 180-4},
    organization ={U.S. Department of Commerce and National Institute of Standards and Technology},
    title={{Secure Hash Standard (SHS)}},
    url={http://dx.doi.org/10.6028/NIST.FIPS.180-4}
}
%DBLP:books/daglib/0017272
@book{Mangard07,
  author       = {Stefan Mangard and
                  Elisabeth Oswald and
                  Thomas Popp},
  title        = {{Power analysis attacks - revealing the secrets of smart cards}},
  publisher    = {Springer},
  year         = {2007}
}
@book{Kay1998,
  author = {Steven M. Kay},
  title = {{Fundamentals of Statistical Signal Processing: Detection Theory}},
  edition = {1st},
  year = {1998},
  publisher = {Prentice Hall PTR},
  address = {Upper Saddle River, NJ},
}
%DBLP:conf/wisa/Kim14
@inproceedings{Kim14,
  author       = {Yongdae Kim},
  title        = {{Successful Profiling Attacks with Different Measurement Environments for Each Phase}},
  booktitle    = {{WISA}},
  series_bak       = {Lecture Notes in Computer Science},
  volume       = {8909},
  pages        = {321--330},
  publisher_bak    = {Springer},
  year         = {2014}
}
@article{Steinbrunn1997,
  title={{Heuristic and randomized optimization for the join ordering problem}},
  author={Michael Steinbrunn and Guido Moerkotte and Alfons Kemper},
  journal={The VLDB Journal},
  year={1997},
  volume={6},
  pages={191-208},
  url_bak={https://api.semanticscholar.org/CorpusID:3017367}
}
@article{Metropolis53,
	title = {Equation of state calculations by fast computing machines},
	author = {Metropolis, Nicholas and Rosenbluth, Arianna W. and Rosenbluth, Marshall N. and Teller, Augusta H. and Teller, Edward},
	abstractNote = {},
	doi_bak = {10.2172/4390578},
	url_bak = {https://www.osti.gov/biblio/4390578}, 
	journal = {},
	number = {},
	volume = {},
	place = {United States},
	year = {1953},
	month = {3}
}
@article{Kirkpatrick83,
  title={{Optimization by Simulated Annealing}},
  author={Scott Kirkpatrick and Charles D. Gelatt and Mario P. Vecchi},
  journal={Science},
  year={1983},
  volume={220},
  pages={671 - 680},
  url_bak={https://api.semanticscholar.org/CorpusID:205939}
}
%DBLP:conf/ches/CagliDP17
@inproceedings{Cagli17,
  author       = {Eleonora Cagli and
                  C{\'{e}}cile Dumas and
                  Emmanuel Prouff},
  title        = {{Convolutional Neural Networks with Data Augmentation Against Jitter-Based Countermeasures - Profiling Attacks Without Pre-processing}},
  booktitle    = {{CHES}},
  series_bak       = {Lecture Notes in Computer Science},
  volume       = {10529},
  pages        = {45--68},
  publisher_bak    = {Springer},
  year         = {2017}
}
%DBLP:conf/cardis/PuYWGLGWG17
@inproceedings{Pu17,
  author       = {Sihang Pu and
                  Yu Yu and
                  Weijia Wang and
                  Zheng Guo and
                  Junrong Liu and
                  Dawu Gu and
                  Lingyun Wang and
                  Jie Gan},
  title        = {{Trace Augmentation: What Can Be Done Even Before Preprocessing in a Profiled SCA?}},
  booktitle    = {{CARDIS}},
  series_bak       = {Lecture Notes in Computer Science},
  volume       = {10728},
  pages        = {232--247},
  publisher_bak    = {Springer},
  year         = {2017}
}
%DBLP:journals/tches/PicekHJBR19
@article{Picek19,
  author       = {Stjepan Picek and
                  Annelie Heuser and
                  Alan Jovic and
                  Shivam Bhasin and
                  Francesco Regazzoni},
  title        = {{The Curse of Class Imbalance and Conflicting Metrics with Machine Learning for Side-channel Evaluations}},
  journal      = {{IACR} Trans. Cryptogr. Hardw. Embed. Syst.},
  volume       = {2019},
  number       = {1},
  pages        = {209--237},
  year         = {2019}
}
%DBLP:conf/wisa/WonJB20
@inproceedings{Won20,
  author       = {Yoo{-}Seung Won and
                  Dirmanto Jap and
                  Shivam Bhasin},
  title        = {{Push for More: On Comparison of Data Augmentation and {SMOTE} with Optimised Deep Learning Architecture for Side-Channel}},
  booktitle    = {{WISA}},
  series_bak       = {Lecture Notes in Computer Science},
  volume       = {12583},
  pages        = {227--241},
  publisher_bak    = {Springer},
  year         = {2020}
}
@article{Kovcs19,
  title={{Smote-variants: A python implementation of 85 minority oversampling techniques}},
  author={Gy{\"o}rgy Kov{\'a}cs},
  journal={Neurocomputing},
  year={2019},
  volume={366},
  pages={352-354},
  url_bak={https://api.semanticscholar.org/CorpusID:202151518}
}
DBLP:conf/trustcom/LuoZWJZH21
@inproceedings{Luo21,
  author       = {Zhimin Luo and
                  Mengce Zheng and
                  Ping Wang and
                  Minhui Jin and
                  Jiajia Zhang and
                  Honggang Hu},
  title        = {{Towards Strengthening Deep Learning-based Side Channel Attacks with Mixup}},
  booktitle    = {TrustCom},
  pages        = {791--801},
  publisher_bak    = {{IEEE}},
  year         = {2021}
}
%DBLP:conf/ctrsa/MukhtarBPK22
@inproceedings{Mukhtar22,
  author       = {Naila Mukhtar and
                  Lejla Batina and
                  Stjepan Picek and
                  Yinan Kong},
  title        = {{Fake It Till You Make It: Data Augmentation Using Generative Adversarial Networks for All the Crypto You Need on Small Devices}},
  booktitle    = {{CT-RSA}},
  series_bak       = {Lecture Notes in Computer Science},
  volume       = {13161},
  pages        = {297--321},
  publisher_bak    = {Springer},
  year         = {2022}
}
DBLP:journals/tches/KimPHBH19
@article{Kim19,
  author       = {Jaehun Kim and
                  Stjepan Picek and
                  Annelie Heuser and
                  Shivam Bhasin and
                  Alan Hanjalic},
  title        = {{Make Some Noise. Unleashing the Power of Convolutional Neural Networks for Profiled Side-channel Analysis}},
  journal      = {{IACR} Trans. Cryptogr. Hardw. Embed. Syst.},
  volume       = {2019},
  number       = {3},
  pages        = {148--179},
  year         = {2019}
}
%DBLP:conf/cvpr/CubukZMVL19
@inproceedings{Cubuk19,
  author       = {Ekin D. Cubuk and
                  Barret Zoph and
                  Dandelion Man{\'{e}} and
                  Vijay Vasudevan and
                  Quoc V. Le},
  title        = {AutoAugment: Learning Augmentation Strategies From Data},
  booktitle    = {{CVPR}},
  pages        = {113--123},
  publisher_bak    = {Computer Vision Foundation / {IEEE}},
  year         = {2019}
}
%DBLP:conf/acns/MoradiGH14
@inproceedings{Moradi14,
  author       = {Amir Moradi and
                  Sylvain Guilley and
                  Annelie Heuser},
  title        = {{Detecting Hidden Leakages}},
  booktitle    = {{ACNS}},
  series_bak       = {Lecture Notes in Computer Science},
  volume       = {8479},
  pages        = {324--342},
  publisher_bak    = {Springer},
  year         = {2014}
}
%DBLP:conf/ches/CoronK09
@inproceedings{Coron09,
  author       = {Jean{-}S{\'{e}}bastien Coron and
                  Ilya Kizhvatov},
  title        = {{An Efficient Method for Random Delay Generation in Embedded Software}},
  booktitle    = {{CHES}},
  series_bak       = {Lecture Notes in Computer Science},
  volume       = {5747},
  pages        = {156--170},
  publisher_bak    = {Springer},
  year         = {2009}
}
%DBLP:journals/tches/ZaidBHV20
@article{Zaid20,
  author       = {Gabriel Zaid and
                  Lilian Bossuet and
                  Amaury Habrard and
                  Alexandre Venelli},
  title        = {Methodology for Efficient {CNN} Architectures in Profiling Attacks},
  journal      = {{IACR} Trans. Cryptogr. Hardw. Embed. Syst.},
  volume       = {2020},
  number       = {1},
  pages        = {1--36},
  year         = {2020}
}
@article{Schnorr91,
  title={Lattice basis reduction: Improved practical algorithms and solving subset sum problems},
  author={Claus-Peter Schnorr and M. Euchner},
  journal={Mathematical Programming},
  year={1991},
  volume={66},
  pages={181-199},
  url_bak={https://api.semanticscholar.org/CorpusID:15386054}
}
@article{Krizhevsky12,
  title={{ImageNet classification with deep convolutional neural networks}},
  author={Alex Krizhevsky and Ilya Sutskever and Geoffrey E. Hinton},
  journal={Communications of the ACM},
  year={2012},
  volume={60},
  pages={84 - 90},
  url_bak={https://api.semanticscholar.org/CorpusID:195908774}
}
@article{Simard03,
  title={{Best practices for convolutional neural networks applied to visual document analysis}},
  author={Patrice Y. Simard and David Steinkraus and John C. Platt},
  journal={Seventh International Conference on Document Analysis and Recognition, 2003. Proceedings.},
  year={2003},
  pages={958-963},
  url_bak={https://api.semanticscholar.org/CorpusID:4659176}
}
@inproceedings{Joye01,
  title={{Protections against Differential Analysis for Elliptic Curve Cryptography}},
  author={Marc Joye and Christophe Tymen},
  booktitle={Workshop on Cryptographic Hardware and Embedded Systems},
  year={2001},
  url_bak={https://api.semanticscholar.org/CorpusID:5054112}
}
@inproceedings{Coron99,
  title={{Resistance against Differential Power Analysis for Elliptic Curve Cryptosystems}},
  author={Jean-S{\'e}bastien Coron},
  booktitle={Workshop on Cryptographic Hardware and Embedded Systems},
  year={1999},
  url_bak={https://api.semanticscholar.org/CorpusID:3239942}
}
@inproceedings{Kocher96,
  title={{Timing Attacks on Implementations of Diffie-Hellman, RSA, DSS, and Other Systems}},
  author={Paul C. Kocher},
  booktitle={Annual International Cryptology Conference},
  year={1996},
  url_bak={https://api.semanticscholar.org/CorpusID:268055936}
}
@inproceedings{Sato04,
  title={{Exact Analysis of Montgomery Multiplication}},
  author={Hisayoshi Sato and Daniel Schepers and Tsuyoshi Takagi},
  booktitle={International Conference on Cryptology in India},
  year={2004},
  url_bak={https://api.semanticscholar.org/CorpusID:1224133}
}
%DBLP:conf/icics/ClavierFGRV10
@inproceedings{Clavier10,
  author       = {Christophe Clavier and
                  Benoit Feix and
                  Georges Gagnerot and
                  Myl{\`{e}}ne Roussellet and
                  Vincent Verneuil},
  title        = {Horizontal Correlation Analysis on Exponentiation},
  booktitle    = {{ICICS}},
  series       = {Lecture Notes in Computer Science},
  volume       = {6476},
  pages        = {46--61},
  publisher    = {Springer},
  year         = {2010}
}
@inproceedings{Mamiya04,
  title={{Efficient Countermeasures against RPA, DPA, and SPA}},
  author={Hideyo Mamiya and Atsuko Miyaji and Hiroaki Morimoto},
  booktitle={Workshop on Cryptographic Hardware and Embedded Systems},
  year={2004},
  url_bak={https://api.semanticscholar.org/CorpusID:7148041}
}
@inproceedings{Abidalrahman10,
author = {Moh'd, Abidalrahman and Aslam, Nauman and Marzi, Hosein and Tawalbeh, Loai},
year = {2010},
month = {07},
pages = {},
booktitle={Proceedings of the 3rd International Conference on the Applications of Digital Information and Web Technologies}, 
title = {{Hardware Implementations of Secure Hashing Functions on FPGAs for WSNs}}
}
@article{Tawalbeh16,
  title={{More secure Internet of Things using robust encryption algorithms against side channel attacks}},
  author={Lo'ai Ali Tawalbeh and Turki F. Al-Somani},
  journal={2016 IEEE/ACS 13th International Conference of Computer Systems and Applications (AICCSA)},
  year={2016},
  pages={1-6},
  url_bak={https://api.semanticscholar.org/CorpusID:25804893}
}
@inproceedings{Itoh02,
  title={{Address-Bit Differential Power Analysis of Cryptographic Schemes OK-ECDH and OK-ECDSA}},
  author={Kouichi Itoh and Tetsuya Izu and Masahiko Takenaka},
  booktitle={Workshop on Cryptographic Hardware and Embedded Systems},
  year={2002},
  url_bak={https://api.semanticscholar.org/CorpusID:573077}
}
@article{Reddy11,
  title={{Elliptic Curve Cryptosystems and Side-channel Attacks}},
  author={Ekambaram Kesavulu Reddy},
  journal={Int. J. Netw. Secur.},
  year={2011},
  volume={12},
  pages={151-158},
  url_bak={https://api.semanticscholar.org/CorpusID:16468608}
}
@inproceedings{Fouque03,
  title={{The Doubling Attack - Why Upwards Is Better than Downwards}},
  author={Pierre-Alain Fouque and Fr{\'e}d{\'e}ric Valette},
  booktitle={Workshop on Cryptographic Hardware and Embedded Systems},
  year={2003},
  url_bak={https://api.semanticscholar.org/CorpusID:18038881}
}
@article{Perin20,
  title={Keep it Unsupervised: Horizontal Attacks Meet Deep Learning},
  author={Guilherme Perin and Lukasz Chmielewski and Lejla Batina and Stjepan Picek},
  journal={IACR Cryptol. ePrint Arch.},
  year={2020},
  volume={2020},
  pages={891},
  url_bak={https://api.semanticscholar.org/CorpusID:220794515}
}
@article{Jin21,
  title={Novel Key Recovery Attack on Secure ECDSA Implementation by Exploiting Collisions between Unknown Entries},
  author={Sunghyun Jin and Sangyub Lee and Sung Min Cho and Heeseok Kim and Seokhie Hong},
  journal={IACR Trans. Cryptogr. Hardw. Embed. Syst.},
  year={2021},
  volume={2021},
  pages={1-26},
  url_bak={https://api.semanticscholar.org/CorpusID:237396393}
}
@inproceedings{Diego20,
author = {Aranha, Diego and Novaes, Felipe and Takahashi, Akira and Tibouchi, Mehdi and Yarom, Yuval},
year = {2020},
month = {08},
pages = {225-242},
booktitle={Proceedings of the 2020 ACM SIGSAC Conference on Computer and Communications Security},
title = {{LadderLeak: Breaking ECDSA With Less Than One Bit Of Nonce Leakage}}
}
@book{Cohen05,
  title={{Handbook of Elliptic and Hyperelliptic Curve Cryptography}},
  author={Henri Cohen and Gerhard Frey and Roberto Maria Avanzi and Christophe Doche and Tanja Lange and Kim Nguyen and Frederik Vercauteren},
  year={2005},
  publisher = {Chapman \& Hall/CRC},
  url_bak={https://api.semanticscholar.org/CorpusID:29266761}
}
@book{Blake05,
  title={{Elliptic curves in cryptography}},
  author={Ian F. Blake and Gadiel Seroussi and Nigel P. Smart},
  year={2005},
  publisher= {Cambridge University Press},
  url_bak={https://api.semanticscholar.org/CorpusID:116984564}
}
%DBLP:conf/aaai/SzegedyIVA17
@inproceedings{Szegedy17,
  author       = {Christian Szegedy and
                  Sergey Ioffe and
                  Vincent Vanhoucke and
                  Alexander A. Alemi},
  title        = {{Inception-v4, Inception-ResNet and the Impact of Residual Connections on Learning}},
  booktitle    = {{AAAI}},
  pages        = {4278--4284},
  publisher_bak    = {{AAAI} Press},
  year         = {2017}
}
%DBLP:conf/iccv/Girshick15
@inproceedings{Girshick15,
  author       = {Ross B. Girshick},
  title        = {Fast {R-CNN}},
  booktitle    = {{ICCV}},
  pages        = {1440--1448},
  publisher_bak    = {{IEEE} Computer Society},
  year         = {2015}
}
%DBLP:journals/spm/X12a
@article{Hinton12,
  title        = {{Deep Neural Networks for Acoustic Modeling in Speech Recognition: The Shared Views of Four Research Groups}},
  author={Geoffrey E. Hinton and Li Deng and Dong Yu and George E. Dahl and Abdel-rahman Mohamed and Navdeep Jaitly and Andrew W. Senior and Vincent Vanhoucke and Patrick Nguyen and Tara N. Sainath and Brian Kingsbury},
  journal      = {{IEEE} Signal Process. Mag.},
  volume       = {29},
  number       = {6},
  pages        = {82--97},
  year         = {2012}
}
@inproceedings{Radford18,
  title={{Improving Language Understanding by Generative Pre-Training}},
  author={Alec Radford and Karthik Narasimhan and Tim Salimans and Ilya Sutskever},
  year={2018},
  url_bak={https://api.semanticscholar.org/CorpusID:49313245}
}
%DBLP:books/lib/HastieTF09
@book{Hastie09,
  author       = {Trevor Hastie and
                  Robert Tibshirani and
                  Jerome H. Friedman},
  title        = {The Elements of Statistical Learning: Data Mining, Inference, and
                  Prediction, 2nd Edition},
  series_bak       = {Springer Series in Statistics},
  publisher    = {Springer},
  year         = {2009}
}
%DBLP:conf/space/MaghrebiPP16
@inproceedings{Maghrebi16,
  author       = {Houssem Maghrebi and
                  Thibault Portigliatti and
                  Emmanuel Prouff},
  title        = {{Breaking Cryptographic Implementations Using Deep Learning Techniques}},
  booktitle    = {{SPACE}},
  series_bak       = {Lecture Notes in Computer Science},
  volume       = {10076},
  pages        = {3--26},
  publisher_bak    = {Springer},
  year         = {2016}
}
%DBLP:journals/tches/WoutersAGP20
@article{Wouters20,
  author       = {Lennert Wouters and
                  Victor Arribas and
                  Benedikt Gierlichs and
                  Bart Preneel},
  title        = {{Revisiting a Methodology for Efficient {CNN} Architectures in Profiling Attacks}},
  journal      = {{IACR} Trans. Cryptogr. Hardw. Embed. Syst.},
  volume       = {2020},
  number       = {3},
  pages        = {147--168},
  year         = {2020}
}
%DBLP:journals/tches/PerinWP22
@article{Perin22,
  author       = {Guilherme Perin and
                  Lichao Wu and
                  Stjepan Picek},
  title        = {{Exploring Feature Selection Scenarios for Deep Learning-based Side-channel Analysis}},
  journal      = {{IACR} Trans. Cryptogr. Hardw. Embed. Syst.},
  volume       = {2022},
  number       = {4},
  pages        = {828--861},
  year         = {2022}
}
%DBLP:journals/tifs/WonHJBB21
@article{Won21,
  author       = {Yoo{-}Seung Won and
                  Xiaolu Hou and
                  Dirmanto Jap and
                  Jakub Breier and
                  Shivam Bhasin},
  title        = {{Back to the Basics: Seamless Integration of Side-Channel Pre-Processing in Deep Neural Networks}},
  journal      = {{IEEE} Trans. Inf. Forensics Secur.},
  volume       = {16},
  pages        = {3215--3227},
  year         = {2021}
}
%DBLP:journals/tches/WuPP22
@article{Wu22,
  author       = {Lichao Wu and
                  Guilherme Perin and
                  Stjepan Picek},
  title        = {The Best of Two Worlds: Deep Learning-assisted Template Attack},
  journal      = {{IACR} Trans. Cryptogr. Hardw. Embed. Syst.},
  volume       = {2022},
  number       = {3},
  pages        = {413--437},
  year         = {2022}
}
@article{Chawla02,
  title={{SMOTE: Synthetic Minority Over-sampling Technique}},
  author={N. Chawla and K. Bowyer and Lawrence O. Hall and W. Philip Kegelmeyer},
  journal={ArXiv},
  year={2002},
  volume={abs/1106.1813},
  url_bak={https://api.semanticscholar.org/CorpusID:1554582}
}
@article{Zhang17,
  title={{mixup: Beyond Empirical Risk Minimization}},
  author={Hongyi Zhang and Moustapha Ciss{\'e} and Yann Dauphin and David Lopez-Paz},
  journal={ArXiv},
  year={2017},
  volume={abs/1710.09412},
  url_bak={https://api.semanticscholar.org/CorpusID:3162051}
}
@article{Kovcs19,
  title={Smote-variants: A python implementation of 85 minority oversampling techniques},
  author={Gy{\"o}rgy Kov{\'a}cs},
  journal={Neurocomputing},
  year={2019},
  volume={366},
  pages={352-354},
  url_bak={https://api.semanticscholar.org/CorpusID:202151518}
}
@inproceedings{bruneau:hal-01218072,
  TITLE = {{Less is More - Dimensionality Reduction from a Theoretical Perspective}},
  AUTHOR = {Bruneau, Nicolas and Guilley, Sylvain and Heuser, Annelie and Damien, Marion and Rioul, Olivier},
  url_bak = {https://hal.science/hal-01218072},
  BOOKTITLE = {{Cryptographic Hardware and Embedded Systems -- CHES 2015}},
  address_bak = {Saint-Malo, France},
  series_bak_bak = {Lecture Notes in Computer Science},
  VOLUME = {9293},
  YEAR = {2015},
  MONTH = {Sep},
  doi_bak = {10.1007/978-3-662-48324-4\_2},
  PDF = {https://hal.science/hal-01218072/file/201509bruneauguilleyheusermarionrioul.pdf.pdf},
  HAL_ID = {hal-01218072},
  HAL_VERSION = {v1},
}
@inproceedings{Pozo15,
  title={{Blind Source Separation from Single Measurements Using Singular Spectrum Analysis}},
  booktitle={CHES},
  publisher_bak={Springer},
  pages={42-59},
  url_bak={https://www.iacr.org/archive/ches2015/92930042/92930042.pdf},
  doi_bak={10.1007/978-3-662-48324-4_3},
  author={Santos Merino Del Pozo and François-Xavier Standaert},
  year={2015}
}
@article{Homma08,
  title = {{A High-Resolution Phase-Based Waveform Matching and Its Application to Side-Channel Attacks}},
  author = {Naofumi Homma and Sei Nagashima and Takeshi Sugawara and Takafumi Aoki and Akashi Satoh},
  year = {2008},
  doi_bak = {10.1093/ietfec/e91-a.1.193},
  url_bak = {http://dx.doi.org/10.1093/ietfec/e91-a.1.193},
  tags = {rule-based},
  researchr = {https://researchr.org/publication/HommaNSAS08},
  cites = {0},
  citedby = {0},
  journal = {IEICE Transactions},
  volume = {91-A},
  number = {1},
  pages = {193-202},
}
@inproceedings{Woudenberg11,
  title={Improving Differential Power Analysis by Elastic Alignment},
  author={Jasper Van Woudenberg and Marc F. Witteman and Bram Bakker},
  booktitle={The Cryptographer's Track at RSA Conference},
  year={2011},
  url_bak={https://api.semanticscholar.org/CorpusID:16860285}
}
%DBLP:conf/icics/YangLMZ19
@inproceedings{Yang19,
  author       = {Guang Yang and
                  Huizhong Li and
                  Jingdian Ming and
                  Yongbin Zhou},
  title        = {{CDAE: Towards Empowering Denoising in Side-Channel Analysis}},
  booktitle    = {{ICICS}},
  series_bak       = {Lecture Notes in Computer Science},
  volume       = {11999},
  pages        = {269--286},
  publisher_bak    = {Springer},
  year         = {2019}
}
@inproceedings{Belgarric16,
  author       = {Pierre Belgarric and
                  Shivam Bhasin and
                  Nicolas Bruneau and
                  Jean{-}Luc Danger and
                  Nicolas Debande and
                  Sylvain Guilley and
                  Annelie Heuser and
                  Zakaria Najm and
                  Olivier Rioul},
  title        = {Time-Frequency Analysis for Second-Order Attacks},
  booktitle    = {{CARDIS}},
  series       = {Lecture Notes in Computer Science},
  volume       = {8419},
  pages        = {108--122},
  publisher_bak    = {Springer},
  year         = {2013}
}
@INPROCEEDINGS{Debande12,
  author={Debande, Nicolas and Souissi, Youssef and Aabid, M. Abdelaziz El and Guilley, Sylvain and Danger, Jean-Luc},
  booktitle={2012 45th Annual IEEE/ACM International Symposium on Microarchitecture Workshops}, 
  title={{Wavelet transform based pre-processing for side channel analysis}}, 
  year={2012},
  volume={},
  number={},
  pages={32-38},
  keywords={Time frequency analysis;Wavelet analysis;Discrete wavelet transforms;Continuous wavelet transforms;Fourier transforms;Cryptography},
  doi_bak={10.1109/MICROW.2012.15}
}

@inproceedings{Smith18,
  title={{Super-convergence: very fast training of neural networks using large learning rates}},
  author={Leslie N. Smith and Nicholay Topin},
  booktitle={Defense + Commercial Sensing},
  year={2018},
  url_bak={https://api.semanticscholar.org/CorpusID:260552651}
}
DBLP:conf/crypto/Miller85
@inproceedings{Miller85,
  author       = {Victor S. Miller},
  title        = {{Use of Elliptic Curves in Cryptography}},
  booktitle    = {{CRYPTO}},
  series       = {Lecture Notes in Computer Science},
  volume       = {218},
  pages        = {417--426},
  publisher_bak    = {Springer},
  year         = {1985}
}
@standard {FIPS186-2 ,
    year={2000},
    number = {FIPS 186-2 },
    organization ={U.S. Department of Commerce and National Institute of Standards and Technology},
    title={{Digital Signature Standard (DSS)}},
    url={https://csrc.nist.gov/files/pubs/fips/186-2/final/docs/fips186-2.pdf}
}